@misc{
  WIKI,
  author = "Colaboradores de Wikipedia",
  title = "\emph{Phil Collins}",
  year = "2014",
  howpublished =  "\url{en.wikipedia.org/wiki/Phil_Collins}",
  note = "[\emph{Online}, Último acceso el 1 de diciembre de 2014]"
}

@misc{
  enfermo,
  author = "Mikaela Conley",
  title = "\emph{Despite Medical Problems, Phil Collins Not Quitting After All? }",
  year = "2011",
  howpublished =  "\url{http://abcnews.go.com/Health/phil-collins-suffers-chronic-pain-does-not-quit-music/story?id=13079161}",
  note = "[\emph{Online}, Último acceso el 1 de diciembre de 2014]"
}